@inproceedings{syndiff,
    author    = {Sean Massung and Cheng{X}iang Zhai},
    title     = {{SyntacticDiff: Operator-based Transformation for Comparative
        Text Mining}},
    booktitle = {{IEEE} International Conference on Big Data},
    pages     = {571--580},
    year      = {2015}
}
@inproceedings{structural,
    author = {Massung, Sean and Zhai, Cheng{X}iang and Hockenmaier, Julia},
    title = {{Structural Parse Tree Features for Text Representation}},
    booktitle = {Proceedings of the IEEE Seventh International
        Conference on Semantic Computing},
    year = {2013},
    pages = {9--16},
}
@article{nnta,
    title = {{Non-Native Text Analysis: A Survey}},
    author = {Massung, Sean and Zhai, Cheng{X}iang},
    year = 2016,
    journal = {The Journal of Natural Language Engineering},
    volume = 22,
    number = 2,
    pages = {163--186}
}
@article{liblinear,
    AUTHOR = {Rong-En Fan and Kai-Wei Chang and Cho-Jui Hsieh and Xiang-Rui Wang
        and Chih-Jen Lin},
    TITLE = {{LIBLINEAR: A Library for Large Linear Classification}},
    JOURNAL = "Journal of Machine Learning Research",
    PAGES = {1871-1874},
    YEAR = {2008},
}
@article{libsvm,
    author = {Chang, Chih-Chung and Lin, Chih-Jen},
    title = {{LIBSVM}: A library for support vector machines},
    journal = {ACM Transactions on Intelligent Systems and Technology},
    volume = {2},
    issue = {3},
    year = {2011},
    pages = {27:1--27:27},
    note =  {Software available at \url{http://www.csie.ntu.edu.tw/~cjlin/libsvm}}
}
@misc{comparison-oss-search-engines,
    author = {Christian Middleton and Ricardo Baeza-yates},
    title = {A Comparison of Open Source Search Engines},
    year = {2007}
}
@inproceedings{lucene-indri-comparison,
    author = {Howard Turtle, Yatish Hegde, and Steven A. Rowe},
    title = {Yet Another Comparison of Lucene and Indri Performance},
    booktitle = {SIGIR 2012 Workshop on Open Source Information Retrieval},
    year = {2012},
    pages = {64-67}
}
@article{need-for-ml-oss,
    AUTHOR = "Sören Sonnenburg and Mikio L. Braun and Cheng Soon Ong and Samy
        Bengio and Léon Bottou and Geoffrey Holmes and Yann LeCun and
        Klaus-Robert Müller and Fernando Pereira and Carl Edward Rasmussen and
        Gunnar Rätsch and Bernhard Schölkopf and Alexander J. Smola and Pascal
        Vincent and Jason Weston and Robert C. Williamson",
    TITLE = "The Need for Open Source Software in Machine Learning",
    JOURNAL = "Journal of Machine Learning Research",
    PAGES = {2443-2466},
    YEAR = {2007}
}
@online{lemur,
    title = {The {L}emur {P}roject},
    author = {Bruce Croft and
        Jamie Callan and
            David Fisher and
            Sam Huston and
            Marc Cartright and
            David Pane and
            John Lafferty and
            James Allan and
            Howard Turtle and
            Cheng{X}iang Zhai and
            Thi Truong Avrahami and
            Matt Bilotti and
            Jon Brown and
            Kevyn Collins-Thompson and
            Fangfang Feng and
            Mark J. Hoy and
            Leah Larkey and
            Don Metzler and
            Luo Si and
            Trevor Strohman and
            Yangbo Zhu and
            Paul Ogilvie and
            Nancy Steadle and
            Le Zhao},
    month = {March},
    year = {2016},
    note = {\url{www.lemurproject.org}}
}
@online{lingpipe,
    title = {{A}lias-i {L}ing{P}ipe},
    month = {October},
    year = {2013},
    note = {\url{http://alias-i.com/lingpipe/}}
}
@online{mallet,
    title = {{MALLET: A Machine Learning for Language Toolkit}},
    author = {Mc{C}allum, Andrew Kachites},
    year = {2002},
    note = {\url{http://mallet.cs.umass.edu/}}
}
@article{scikit,
    author    = {Fabian Pedregosa and
        Ga{\"e}l Varoquaux and
            Alexandre Gramfort and
            Vincent Michel and
            Bertrand Thirion and
            Olivier Grisel and
            Mathieu Blondel and
            Peter Prettenhofer and
            Ron Weiss and
            Vincent Dubourg and
            Jake VanderPlas and
            Alexandre Passos and
            David Cournapeau and
            Matthieu Brucher and
            Matthieu Perrot and
            Edouard Duchesnay},
    title     = {{Scikit-learn: Machine Learning in Python}},
    journal   = {CoRR},
    volume    = {1201.0490},
    year      = {2012},
    bibsource = {DBLP, http://dblp.uni-trier.de}
}
@article{rcv1,
    author = {Lewis, David D. and Yang, Yiming and Rose, Tony G. and Li, Fan},
    title = {{RCV1: A New Benchmark Collection for Text Categorization
        Research}},
    journal = {JMLR},
    issue_date = {12/1/2004},
    volume = {5},
    month = dec,
    year = {2004},
    pages = {361--397},
}
@online{lucene-contrib,
    title = {Apache Lucene Contributors},
    month = {December},
    year = {2013},
    note = {\url{http://www.ohloh.net/p/lucene/contributors/summary}}
}
@online{lemur-contrib,
    title = {Lemur Contributors},
    month = {December},
    year = {2013},
    note = {\url{http://www.lemurproject.org/contrib.php}}
}
@online{kernel-ref,
    title = {Documentation for /proc/sys/vm},
    month = {December},
    year = {2013},
    note = {\url{https://www.kernel.org/doc/Documentation/sysctl/vm.txt}}
}
@online{cloc,
    title = {cloc: Count Lines of Code},
    month = {December},
    year = {2013},
    note = {\url{http://cloc.sourceforge.net/}}
}
@online{sync-ref,
    title = {Linux Man Page},
    month = {December},
    year = {2013},
    note = {\url{http://linux.die.net/man/8/sync}}
}
@online{svmmulticlass,
    title = {{SVM}multiclass: {M}ulti-{C}lass {S}upport {V}ector {M}achine},
    author = {Thorsten Joachims},
    month = {August},
    year = {2008},
    note = {\url{http://www.cs.cornell.edu/people/tj/svm_light/svm_multiclass.html}}
}
@online{icu,
    title = {{International Components for Unicode}},
    author = {{ICU Project}},
    month = {April},
    year = {2016},
    note = {\url{http://site.icu-project.org/}}
}
@inproceedings{blog,
    author    = {Jonathan Schler and
        Moshe Koppel and
            Shlomo Argamon and
            James W. Pennebaker},
    title     = {Effects of {A}ge and {G}ender on {B}logging},
    booktitle = {AAAI Spring Symposium: Computational Approaches to Analyzing
        Weblogs},
    year      = {2006},
    pages     = {199-205},
    ee        = {http://www.aaai.org/Library/Symposia/Spring/2006/ss06-03-039.php},
    note = {\url{http://u.cs.biu.ac.il/~koppel/BlogCorpus.htm}}
}
@inproceedings{gov2,
    author    = {Charles L. A. Clarke and Nick Craswell and Ian Soboroff},
    title     = {{Overview of the TREC 2004 Terabyte Track}},
    booktitle = {Proceedings of the Thirteenth Text REtrieval Conference,
        {TREC}},
    year      = {2004},
}
@inproceedings{blog06,
    author    = {Iadh Ounis and Craig Macdonald and Maarten de Rijke and Gilad
        Mishne and Ian Soboroff},
    title     = {{Overview of the TREC 2006 Blog Track}},
    booktitle = {Proceedings of the Fifteenth Text REtrieval Conference,
        {TREC}},
    year      = {2006},
}
@inproceedings{bm25,
    author = {Robertson, Stephen E. and Walker, Steve and Jones, Susan and
        Hancock-Beaulieu, Micheline and Gatford, Mike},
    booktitle = {TREC},
    pages = {109-126},
    publisher = {National Institute of Standards and
        Technology (NIST)},
    title = {{Okapi at TREC-3}},
    year = 1994
}
@article{zhai-lm,
    author = {Zhai, Cheng{X}iang and Lafferty, John},
    title = {{A Study of Smoothing Methods for Language Models Applied to
        Information Retrieval}},
    journal = {ACM Trans. Inf. Syst.},
    volume = {22},
    number = {2},
    month = apr,
    year = {2004},
    pages = {179--214}
}
@inproceedings{crf,
    author = {Charles Sutton and Andrew Mc{C}allum},
    title = {{An Introduction to Conditional Random Fields}},
    booktitle = {Foundations and Trends in Machine Learning},
    year = {2012}
}
@InProceedings{const-parsing,
    author    = {Zhu, Muhua and Zhang, Yue and Chen, Wenliang and Zhang, Min and
        Zhu, Jingbo},
    title     = {{Fast and Accurate Shift-Reduce Constituent Parsing}},
    booktitle = {Proceedings of the 51st Annual Meeting of the Association for
        Computational Linguistics},
    year      = {2013},
    pages     = {434--443},
}
@inproceedings{cvb,
    author = {Asuncion, Arthur and Welling, Max and Smyth, Padhraic and Teh,
        Yee Whye},
    title = {{On Smoothing and Inference for Topic Models}},
    booktitle = {Proceedings of the 25th Conference on Uncertainty in
        Artificial Intelligence},
    year = {2009},
    pages = {27--34},
}
@article{gibbs,
    author = {Griffiths, T. L. and Steyvers, M.},
    journal = {Proceedings of the National Academy of Sciences},
    month = {April},
    pages = {5228-5235},
    title = {{Finding Scientific Topics}},
    volume = 101,
    year = 2004
}
@inproceedings{scvb,
    author = {Foulds, James and Boyles, Levi and DuBois, Christopher and Smyth,
        Padhraic and Welling, Max},
    title = {{Stochastic Collapsed Variational Bayesian Inference for Latent
        Dirichlet Allocation}},
    booktitle = {Proceedings of the 19th ACM SIGKDD},
    year = {2013},
    pages = {446--454},
}
@article{pargibbs,
    author = {Newman, David and Asuncion, Arthur and Smyth, Padhraic and
        Welling, Max},
    title = {{Distributed Algorithms for Topic Models}},
    journal = {JMLR},
    volume = {10},
    month = dec,
    year = {2009},
    pages = {1801--1828},
}
@inproceedings{glove,
    author = {Jeffrey Pennington and Richard Socher and Christopher D. Manning},
    booktitle = {EMNLP},
    title = {{GloVe: Global Vectors for Word Representation}},
    year = {2014},
    pages = {1532--1543},
}
@book{networks,
    author = {David Easley and Jon Kleinberg},
    title = {{Networks, Crowds, and Markets: Reasoning About a Highly Connected
        World}},
    year = {2010},
    publisher = {Cambridge University Press},
    address = {New York, NY, USA},
}
